@book{bregman1994auditory,
  title={Auditory scene analysis: The perceptual organization of sound},
  author={Bregman, Albert S},
  year={1994},
  publisher={MIT press},
  annote={Several primitive and elementary audio segmentation principles are thoroughly reviewed. Some of the primitives introduced in this seminal work has been implemented into source separation algorithms with good results.}
}

@article{parncutt2018psychocultural,
  title={A psychocultural theory of musical interval: Bye bye Pythagoras},
  author={Parncutt, Richard and Hair, Graham},
  journal={Music Perception: An Interdisciplinary Journal},
  volume={35},
  number={4},
  pages={475--501},
  year={2018},
  publisher={University of California Press},
  annote={This work examines human perception of musical intervals, and challenges the principle of interger-ratios set out by Pythagoras. This work provides new ways to establish interval relationships.}
}

@article{farbood2012parametric,
  title={A parametric, temporal model of musical tension},
  author={Farbood, Morwaread M},
  journal={Music Perception},
  volume={29},
  number={4},
  pages={387--428},
  year={2012},
  publisher={University of California Press USA},
  annote={This extensive article models musical tension from a cognitive perspective with dynamic and temporal experiences. This work provides a thorough review of previous work on musical tension, and is a good starting reference.}
}

@book{krumhansl2001cognitive,
  title={Cognitive foundations of musical pitch},
  author={Krumhansl, Carol L},
  year={2001},
  publisher={Oxford University Press},
  annote={This work delves deep into the perception of pitch, with many experiments included. Discussion goes beyond common practice period and touches upon atonality.}
}

@article{large2002perceiving,
  title={Perceiving temporal regularity in music},
  author={Large, Edward W and Palmer, Caroline},
  journal={Cognitive science},
  volume={26},
  number={1},
  pages={1--37},
  year={2002},
  publisher={Wiley Online Library},
  annote={This work discusses human perception of rhythm and groove, also touches upon micro-timing.}
}

@article{large1999dynamics,
  title={The dynamics of attending: How people track time-varying events.},
  author={Large, Edward W and Jones, Mari Riess},
  journal={Psychological review},
  volume={106},
  number={1},
  pages={119},
  year={1999},
  publisher={American Psychological Association},
  annote={Tackles the issues of how human perceive priodic events with varying rates. How a expressive musical performance doesn't lie on "the grid", nevertheless, the rhythmic relationships can still be clearly perceived.}
}

@article{thompson1997perceptual,
  title={Perceptual judgments of triads and dyads: Assessment of a psychoacoustic model},
  author={Thompson, William Forde and Parncutt, Richard},
  journal={Music Perception},
  volume={14},
  number={3},
  pages={263--280},
  year={1997},
  publisher={University of California Press},
  annote={Perception study of the pitch space taken into account fundamentals, overtones, and subharmonics.}
}

@book{bosi2002introduction,
  title={Introduction to digital audio coding and standards},
  author={Bosi, Marina and Goldberg, Richard E},
  volume={721},
  year={2002},
  publisher={Springer Science \& Business Media},
  annote={This definitive guide on perceptual coding explains auditory masking and its application in music coding. With discussion not only limited to spectral masking, but also temporal masking.}
}

@book{deutsch2012psychology,
  title={The Psychology of Music},
  author={Deutsch, Diana},
  year={2012},
  publisher={Academic Press},
  annote={This book provides in-depth looks on the psychology of music, in a rather technical setting. This is my general reference on music psychology.}
}

