@book{zolzer2002dafx,
  title={DAFX-Digital audio effects},
  author={Z{\"o}lzer, Udo and Amatriain, Xavier and Arfib, Daniel and Bonada, Jordi and De Poli, Giovanni and Dutilleux, Pierre and Evangelista, Gianpaolo and Keiler, Florian and Loscos, Alex and Rocchesso, Davide and others},
  year={2002},
  publisher={John Wiley \& Sons},
  annote={A well of digital effects information, this book is a excellent resource for looking up the inner workings and code of all major audio effects.}
}

@book{mallat2008wavelet,
  title={A Wavelet Tour of Signal Processing: The Sparse Way},
  author={Mallat, Stephane},
  year={2008},
  publisher={Academic Press},
  annote={Mallat's wavelet tour is the go to reference for wavelet techiniques, including Constant Q Transform and Scattering Transform.}
}

@book{pohlmann1989principles,
  title={Principles of digital audio},
  author={Pohlmann, Kenneth C},
  year={2011},
  publisher={McGraw-Hill},
  annote={General textbook that covers major areas of music technology.}
}

@book{RN106,
   author = {Lyons, Richard G.},
   title = {Understanding Digital Signal Processing, Third Edition},
   publisher = {Prentice Hall},
   year = {2010},
   type = {Book},
   annote={A reference book for digital signal theory.}
}

@book{smith2007mathematics,
  title={Mathematics of the discrete Fourier transform (DFT): with audio applications},
  author={Smith, Julius Orion},
  year={2007},
  publisher={Julius Smith},
  annote={A reference for discrete Fourier transform.}
}

@inproceedings{schorkhuber2010constant,
  title={Constant-Q transform toolbox for music processing},
  author={Sch{\"o}rkhuber, Christian and Klapuri, Anssi},
  booktitle={7th sound and music computing conference, Barcelona, Spain},
  pages={3--64},
  year={2010},
  annote={A detailed article that supports several popular implementations of CQT. A good intro to CQT without the wavelet tour.}
}

@inproceedings{logan2000mel,
  title={Mel frequency cepstral coefficients for music modeling},
  author={Logan, Beth},
  booktitle={In International Symposium on Music Information Retrieval},
  year={2000},
  organization={Citeseer},
  annote={Introduces MFCC and Cesptral analysis. These tools are still widely effective and relevant now.}
}

@inproceedings{van1993physical,
  title={Physical modeling with the 2-D digital waveguide mesh},
  author={Van Duyne, Scott A and Smith, Julius O},
  booktitle={Proceedings of the international computer music conference},
  pages={40--40},
  year={1993},
  organization={INTERNATIONAL COMPUTER MUSIC ACCOCIATION},
  annote={Digital Waveguide Mesh is a computationally cheap way of generating complex sounds. It was a popular method for physical modeling instruments or room acoustics.}
}





