@book{Roginska2017,
title = "Immersive sound: The art and science of binaural and multi-channel audio",
author = "Agnieszka Roginska and Paul Geluso",
year = "2017",
month = jan,
day = "1",
doi = "10.4324/9781315707525",
language = "English (US)",
isbn = "9781138900004",
publisher = "Taylor and Francis",
annote = "A survey of major immersive audio recording and reproduction techniques. Basic reference on all things immersive audio."
}

@book{davis1989sound,
  title={The sound reinforcement handbook},
  author={Davis, Gary and Davis, Gary D},
  year={1989},
  publisher={Hal Leonard Corporation},
  annote={Detailed and practical guide on many aspects of live sound reinforcement, from basic electrical properties of loudspeakers to techniques of preventing feedback in live situations, this book is a go to reference on all things live sound.}
}

@article{hofman1998relearning,
  title={Relearning sound localization with new ears},
  author={Hofman, Paul M and Van Riswick, Jos GA and Van Opstal, A John},
  journal={Nature neuroscience},
  volume={1},
  number={5},
  pages={417--421},
  year={1998},
  publisher={Nature Publishing Group},
  annote={This paper demonstrate the flexibility and plasticity of human auditory localization. The study shows that while modifying the pinna significantly alter auditory localization cues, human are able to quickly re-adapt to the modified cues with training.}
}

@article{kendall19953,
  title={A 3-D sound primer: directional hearing and stereo reproduction},
  author={Kendall, Gary S},
  journal={Computer music journal},
  volume={19},
  number={4},
  pages={23--46},
  year={1995},
  publisher={JSTOR},
  annote={This introductory article concisely summarizes the most important auditory cues for spacial hearing: the Interaural Intensity Difference and Interaural Time Difference. Some common issues like front back confusion with reproduction method based on these cues are also discussed.}
}

@article{pulkki1997virtual,
  title={Virtual sound source positioning using vector base amplitude panning},
  author={Pulkki, Ville},
  journal={Journal of the audio engineering society},
  volume={45},
  number={6},
  pages={456--466},
  year={1997},
  publisher={Audio Engineering Society},
  annote={VBAP is a extension of stereo panning that work towards placing monophonic audio sources anywhere on a sphere, interpolating between recorded HRTF positions.}
}

@book{meyer2009acoustics,
  title={Acoustics and the performance of music: Manual for acousticians, audio engineers, musicians, architects and musical instrument makers},
  author={Meyer, J{\"u}rgen},
  year={2009},
  publisher={Springer Science \& Business Media},
  annote={This text is a concise overview of the fundamentals of acoustics. Detailed account of orchestral instrument's sound propagation and the effects of the physical space.}
}

@article{rindel2000use,
  title={The use of computer modeling in room acoustics},
  author={Rindel, Jens Holger},
  journal={Journal of vibroengineering},
  volume={3},
  number={4},
  pages={219--224},
  year={2000},
  publisher={Vibromechanika},
  annote={This article is combines two established methods (source image method and ray-tracing method) for generating small room acoustics. A concise review of artificial reverb generation.}
}

@article{malham19953,
  title={3-D sound spatialization using ambisonic techniques},
  author={Malham, David G and Myatt, Anthony},
  journal={Computer music journal},
  volume={19},
  number={4},
  pages={58--70},
  year={1995},
  publisher={JSTOR},
  annote={This article introduces the ambisonic recording format and technique, which progressively decomposed the sound scene into spherical harmonics, which can be leveraged for localized recording and reproduction.}
}

@article{wu2013listening,
  title={Listening with Realism: Sound Stage Extension for Laptop Speakers},
  author={Wu, Tsai-Yi},
  journal={New York University-Department of Music and Performing Arts Professions Steinhardt School, New York},
  year={2013},
  annote={This article implements the Recursive Ambiophonic Crosstalk Elimination (RACE) algorithm for achieving quasi-biaural effects over loudspeaker settings. Effective and simple algorithm, that's easy to implement and with aurally salient results.}
}

@book{horowitz2002art,
  title={The art of electronics},
  author={Horowitz, Paul and Hill, Winfield},
  year={2002},
  publisher={Cambridge university press Cambridge},
  annote={The Bible of electronics. Not only is it a excellent textbook in going through all the finer details of analogue and digital electronics, it is also a dictionary of a vast number of useful circuitry. The definitive reference in Electronics.}
}