@book{lerch2012introduction,
  title={An introduction to audio content analysis: Applications in signal processing and music informatics},
  author={Lerch, Alexander},
  year={2012},
  publisher={Wiley-IEEE Press},
  annote={A introductory text on music informatics. Different from Muller's FMP, this book contains more data driven techniques.}
}

@book{muller2015fundamentals,
  title={Fundamentals of music processing: Audio, analysis, algorithms, applications},
  author={M{\"u}ller, Meinard},
  year={2015},
  publisher={Springer},
  annote={a reference textbook for basic concepts and topics in MIR. Methods discussed range from onset detection to music structure analysis. Contents generally free of machine learning.}
}

@article{grosche2010extracting,
  title={Extracting predominant local pulse information from music recordings},
  author={Grosche, Peter and Muller, Meinard},
  journal={IEEE Transactions on Audio, Speech, and Language Processing},
  volume={19},
  number={6},
  pages={1688--1701},
  year={2010},
  publisher={IEEE},
  annote={This beat tracker is able to provide expressive beat tracking, with no machine learning component.}
}

@article{chew2006slicing,
  title={Slicing it all ways: Mathematical models for tonal induction, approximation, and segmentation using the spiral array},
  author={Chew, Elaine},
  journal={INFORMS Journal on Computing},
  volume={18},
  number={3},
  pages={305--320},
  year={2006},
  publisher={INFORMS},
  annote={This work focus on segmentation based on ideas of Chew's spiral pitch array.}
}

@article{bello2011measuring,
  title={Measuring structural similarity in music},
  author={Bello, Juan P},
  journal={IEEE Transactions on Audio, Speech, and Language Processing},
  volume={19},
  number={7},
  pages={2013--2025},
  year={2011},
  publisher={IEEE},
  annote={This work compares structure of different pieces of music by looking at their intermediate representations, and the recurrence plots associated with. Fascinating article on how to go about comparing different structures.}
}

@article{bello2005tutorial,
  title={A tutorial on onset detection in music signals},
  author={Bello, Juan Pablo and Daudet, Laurent and Abdallah, Samer and Duxbury, Chris and Davies, Mike and Sandler, Mark B},
  journal={IEEE Transactions on speech and audio processing},
  volume={13},
  number={5},
  pages={1035--1047},
  year={2005},
  publisher={IEEE},
  annote={While operating on a very different timescale than typical music structure analysis, onset detection is still music segmentation. Ideas introduced here do not involve machine learning.}
}

@inproceedings{foote2003media,
  title={Media segmentation using self-similarity decomposition},
  author={Foote, Jonathan T and Cooper, Matthew L},
  booktitle={Storage and Retrieval for Media Databases 2003},
  volume={5021},
  pages={167--175},
  year={2003},
  organization={International Society for Optics and Photonics},
  annote={The Foote method applied on the self similarity matrix of an audio file is still a relevant method for automatic music segmentation.}
}

@inproceedings{mcfee2017structured,
  title={Structured Training for Large-Vocabulary Chord Recognition.},
  author={McFee, Brian and Bello, Juan Pablo},
  booktitle={ISMIR},
  pages={188--194},
  year={2017},
  annote={This is a robust chord recognition algorithm, that employs structured training to leverage intrinsic structures in the annotation labels. This work is also an example of multitask learning.}
}

@inproceedings{humphrey2014jams,
  title={JAMS: A JSON Annotated Music Specification for Reproducible MIR Research.},
  author={Humphrey, Eric J and Salamon, Justin and Nieto, Oriol and Forsyth, Jon and Bittner, Rachel M and Bello, Juan Pablo},
  booktitle={ISMIR},
  pages={591--596},
  year={2014},
  annote={A digital format to store annotations that's developed here at MARL. Will be relying on this schema for my expanded structure annotations.}
}

