@book{Burkholder2010,
publisher = {W.W. Norton \& Co.},
year = {2010},
title = {A history of western music},
edition = {8th ed.},
address = {New York},
author = {Burkholder, J. P. and Donald Jay Grout and Claude V. Palisca},
annote = {Survey textbook on Western music history. Provides basic musicological context for different periods.}
}

@book{adler1989study,
  title={The study of orchestration},
  author={Adler, Samuel and Hesterman, Peter},
  volume={2},
  year={1989},
  publisher={WW Norton New York, NY},
  annote={Comprehensive reference book on essential orchestral combinations, instrument characteristics, and limitations.}
}

@book{cadwallader2007analysis,
  title={Analysis of tonal music: a Schenkerian approach},
  author={Cadwallader, Allen Clayton and Gagn{\'e}, David},
  publisher={Oxford University Press},
  year={2011},
  address = {New York},
  annote={Introductory text to Schenkerian Analysis. Concepts such as the Urlinie, Ursatz are introduced here, along with other devices such as linear progressions and initial ascent.}
}

@book{LaitzStevenG.StevenGeoffrey2010Grot,
publisher = {Oxford University Press},
isbn = {9780195376982},
year = {2010},
title = {Graduate review of tonal theory : a recasting of common-practice harmony, form, and counterpoint},
language = {eng},
address = {New York},
author = {Steven G. Laitz and Christopher A Bartlette},
keywords = {Music theory; Harmony; Counterpoint; Musical form},
lccn = {2008048611},
annote = {Graduate level review of music theory during the common-practice era. Concise reference for basic music theory concepts. Topics include harmony, form and counterpoint.}
}

@book{lerdahl1983generative,
  title={A Generative Theory of Tonal Music, reissue, with a new preface},
  author={Lerdahl, Fred and Jackendoff, Ray S},
  year={1983},
  publisher={MIT press},
  annote={This classic in Music Theory combines insights from Natural Language Processing. While working exclusively in the symbolic domain, the authors formalize principles for music reduction and segmentation. While influenced by the Schenkerian school, GTTM does not follow strict Schenkerian rules.}
}

@book{lerdahl2005tonal,
  title={Tonal pitch space},
  author={Lerdahl, Fred and others},
  year={2005},
  publisher={Oxford University Press, USA},
  annote={Following GTTM, Lerdahl starts to develop relationships between different scale degrees into a network of relationships, which he calls the tonal pitch space. Paths through these relationship networks give rise to trajectory in the pitch space, and provide more avenue for analytical interpretations.}
}

@book{straus2016introduction,
  title={Introduction to post-tonal theory},
  author={Straus, Joseph N},
  year={2016},
  publisher={WW Norton \& Company},
  annote={This text introduces Set Theory, which is a standard tool for analyzing post-tonal music. While tonality is not of much concern to Straus, the techniques and concepts of transformation theory can be applied with pitch class sets.}
}

@book{caplin2001classical,
  title={Classical form: A theory of formal functions for the instrumental music of Haydn, Mozart, and Beethoven},
  author={Caplin, William E},
  year={2001},
  publisher={Oxford University Press},
  annote={This undergraduate level reference textbook is a standard for musical forms in the common-practice era. Clear and detailed rules are stated about segmentation on different hierarchical levels, and the relationships between the resulting segments.}
}

@book{fux1965study,
  title={The study of counterpoint from Johann Joseph Fux's Gradus ad parnassum},
  author={Fux, Johann Joseph and Edmunds, John},
  number={277},
  year={1965},
  publisher={WW Norton \& Company},
  annote={This is a textbook and reference on species counterpoint. Written over 200 years ago, this text is in the style of a conversation between a master and a pupil. Nevertheless, this concise manual provides ample musical examples for species counterpoint.}
}

@book{lewin2011generalized,
  title={Generalized musical intervals and transformations},
  author={Lewin, David},
  year={2011},
  publisher={Oxford University Press, USA},
  annote={the seminal work that gave birth to Transformational theory. 3 essential triadic relationships, Parallel, Relative, and Leittonwechsel, are elevated to the same level of importance as dominant and subdominant relationships}
}

@book{cohn2012audacious,
  title={Audacious Euphony: Chromatic Harmony and the Triad's Second Nature},
  author={Cohn, Richard},
  year={2012},
  publisher={Oxford University Press, USA},
  annote={A prominent Neo-Reimmaninan theorist, Cohn's work follows the foot step of Lewin's Transformational theory. Triadic Voice-Leading Spaces are introduced, providing a basis for a topology in the triad space.}
}

@book{yust2018organized,
  title={Organized time: Rhythm, tonality, and form},
  author={Yust, Jason},
  year={2018},
  publisher={Oxford University Press},
  annote={this new and important work breaks music apart into three orthogonal elements: tonality and pitch, rhythm and meter, and large scale forms. This work studies structures in these elemental spaces individually, before considering the gestalt of the combination.}
}

@book{hepokoski2006elements,
  title={Elements of sonata theory: Norms, types, and deformations in the late-eighteenth-century sonata},
  author={Hepokoski, James and Darcy, Warren},
  year={2006},
  publisher={Oxford University Press},
  annote={Sonata Theory gives detailed guidance on structures related to the sonata allegro form. These forms are bigger and more complex than those that are introduced in Caplin.}
}

@article{chew2014mathematical,
  title={Mathematical and computational modeling of tonality},
  author={Chew, Elaine and others},
  journal={AMC},
  volume={10},
  number={12},
  pages={141},
  year={2014},
  publisher={Springer},
  annote={Deeply invested in representing tonality in a graphical and computational way, Elaine Chew is a Titan in the MIR community, and this more recent work of hers provides a template of how to produce scholarly work at the intersection of Music Theory and MIR.}
}

