@book{chung1997spectral,
  title={Spectral graph theory},
  author={Graham, Fan Chung},
  number={92},
  year={1997},
  publisher={American Mathematical Soc.},
  annote={My main reference on spectral graph theory. Chapter 1-4 seems perticularly relavent.}
}

@article{chung2005laplacians,
  title={Laplacians and the Cheeger inequality for directed graphs},
  author={Chung, Fan},
  journal={Annals of Combinatorics},
  volume={9},
  number={1},
  pages={1--19},
  year={2005},
  publisher={Springer},
  annote={How to form Laplacians for directed graph, if I decided to apply spectral techniques with directed graphs. Reference in case the need arises.}
}

@article{von2007tutorial,
  title={A tutorial on spectral clustering},
  author={Von Luxburg, Ulrike},
  journal={Statistics and computing},
  volume={17},
  number={4},
  pages={395--416},
  year={2007},
  publisher={Springer},
  annote={Consice introduction to spectral clustering. Close to 10k citations.}
}

@article{demaine2009distance,
  title={The distance geometry of music},
  author={Demaine, Erik D and Gomez-Martin, Francisco and Meijer, Henk and Rappaport, David and Taslakian, Perouz and Toussaint, Godfried T and Winograd, Terry and Wood, David R},
  journal={Computational geometry},
  volume={42},
  number={5},
  pages={429--454},
  year={2009},
  publisher={Elsevier},
  annote={Similar to Groove Pizza, this paper talks about rythmic patterns as trajectroy on a circular graph, with the concept of maximually even set.}
}

@inproceedings{hughes2015using,
  title={Using fundamental groups and groupoids of chord spaces to model voice leading},
  author={Hughes, James R},
  booktitle={International Conference on Mathematics and Computation in Music},
  pages={267--278},
  year={2015},
  organization={Springer},
  annote={Introduced how algebraic topology tools (groups, category, homotopy), and how they can work with Music. Studies paths in different musical topologies.}
}

@inproceedings{bergomi2016towards,
  title={Towards a topological fingerprint of music},
  author={Bergomi, Mattia G and Barat{\`e}, Adriano and Di Fabio, Barbara},
  booktitle={International Workshop on Computational Topology in Image Context},
  pages={88--100},
  year={2016},
  organization={Springer},
  annote={This is a potential application for analyzing the structure with an emphasis on graphs. The shapes these graphs create can be used to identify musical pieces, and is called topological fingerprinting.}
}

@inproceedings{yao2020graph,
  title={Graph Spectral Embedding for Parsimonious Transmission of Multivariate Time Series},
  author={Yao, Lihan and Bendich, Paul},
  booktitle={2020 IEEE Aerospace Conference},
  pages={1--12},
  year={2020},
  organization={IEEE},
  annote={A little bit outside of my comfort zone, this one introduces a technique called Laplacian Events Signal Segmentation, which is a unsupervised technique that segments time series into events.}
}

@article{wu2020comprehensive,
  title={A comprehensive survey on graph neural networks},
  author={Wu, Zonghan and Pan, Shirui and Chen, Fengwen and Long, Guodong and Zhang, Chengqi and Philip, S Yu},
  journal={IEEE transactions on neural networks and learning systems},
  volume={32},
  number={1},
  pages={4--24},
  year={2020},
  publisher={IEEE},
  annote={a reference that I'm keeping in the case that graph neural network becomes a useful tool.}
}

@article{lostanlen2018eigentriads,
  title={Eigentriads and Eigenprogressions on the Tonnetz},
  author={Lostanlen, Vincent},
  journal={arXiv preprint arXiv:1810.00790},
  year={2018},
  annote={This very condensed work shows how scattering transform can be applied to graphical structures like the tonnetz.}
}

@inproceedings{louboutin2017modeling,
  title={Modeling the multiscale structure of chord sequences using polytopic graphs},
  author={Louboutin, Corentin and Bimbot, Fr{\'e}d{\'e}ric},
  booktitle={18th International Society for Music Information Retrieval Conference},
  year={2017},
  annote={This work looks at the relationship between harmonic events across different hierarchical time-spans. The comparison of harmonies with different time-strides is systematically considered.}
}