@article{serra2009cross,
  title={Cross recurrence quantification for cover song identification},
  author={Serra, Joan and Serra, Xavier and Andrzejak, Ralph G},
  journal={New Journal of Physics},
  volume={11},
  number={9},
  pages={093017},
  year={2009},
  publisher={IOP Publishing},
  annote={an extension to Self Similarity Matrix, Cross Recurrence has been a classical idea that has survived the invasion of Deep Learning. Still a relevant technique to acquire.}
}

@phdthesis{nieto2015discovering,
  title={Discovering structure in music: Automatic approaches and perceptual evaluations},
  author={Nieto, Oriol},
  year={2015},
  school={New York University},
  annote={A recent dissertation on music structure analysis from MARL. This is a starting reference for a survey of topics related to structure analysis. The work makes clear the different approaches the MIR community and music cognition community take to tackle this problem.}
}

@article{nieto2020audio,
  title={Audio-Based Music Structure Analysis: Current Trends, Open Challenges, and Applications},
  author={Nieto, Oriol and Mysore, Gautham J and Wang, Cheng-i and Smith, Jordan BL and Schl{\"u}ter, Jan and Grill, Thomas and McFee, Brian},
  journal={Transactions of the International Society for Music Information Retrieval},
  volume={3},
  number={1},
  year={2020},
  publisher={Ubiquity Press},
  annote={a survey article that summarize the current trend and challenge of audio-based music structure analysis from the point of view of he MIR community.}
}

@inproceedings{mcfee2014analyzing,
  title={Analyzing Song Structure with Spectral Clustering.},
  author={McFee, Brian and Ellis, Dan},
  booktitle={ISMIR},
  pages={405--410},
  year={2014},
  organization={Citeseer},
  annote={a clear demonstration of how to use spectral graph methods to tackle the problem of audio segmentation. It is well noted that the spectral methods generate segments that tend to have bigger variance in their duration.}
}

@inproceedings{nieto2014identifying,
  title={Identifying polyphonic patterns from audio recordings using music segmentation techniques},
  author={Nieto, Oriol and Farbood, Morwaread M},
  booktitle={Proc. of the 15th International Society for Music Information Retrieval Conference},
  pages={411--416},
  year={2014},
  annote={This article shows how segmentation can lead to pattern discovery in musical structures.}
}

@inproceedings{nieto2014music,
  title={Music segment similarity using 2d-fourier magnitude coefficients},
  author={Nieto, Oriol and Bello, Juan Pablo},
  booktitle={2014 IEEE International Conference on Acoustics, Speech and Signal Processing (ICASSP)},
  pages={664--668},
  year={2014},
  organization={IEEE},
  annote={This article proposes a way of relating different musical segment via a standard metric. These metrics can be useful when building relational spaces with segments as members.}
}

@inproceedings{muller2012scape,
  title={A Scape Plot Representation for Visualizing Repetitive Structures of Music Recordings.},
  author={M{\"u}ller, Meinard and Jiang, Nanzhu},
  booktitle={ISMIR},
  pages={97--102},
  year={2012},
  organization={Citeseer},
  annote={the scape plot provides a novel visualization of the hierarchical structure of the audio file under analysis. There seems to be influence from GTTM in this work.}
}

@inproceedings{ullrich2014boundary,
  title={Boundary Detection in Music Structure Analysis using Convolutional Neural Networks.},
  author={Ullrich, Karen and Schl{\"u}ter, Jan and Grill, Thomas},
  booktitle={ISMIR},
  pages={417--422},
  year={2014},
  annote={an example of a deep learning method that tackles the question of MSA. MSA has been one of the sub-field in MIR that has seen some resistance to rapidly adapting deep learning techniques, and this article provides a baseline.}
}

@inproceedings{tralie2019enhanced,
  title={Enhanced hierarchical music structure annotations via feature level similarity fusion},
  author={Tralie, Christopher J and McFee, Brian},
  booktitle={ICASSP 2019-2019 IEEE International Conference on Acoustics, Speech and Signal Processing (ICASSP)},
  pages={201--205},
  year={2019},
  organization={IEEE},
  annote={this SSM based work shows how the output structure of a MSA tool is deeply tied with the audio feature from which the SSM is constructed upon. This has pushed me to promote independently unfolding structures, as opposed to merging several structures into a single one, which was done in this work.}
}

@inproceedings{rosenberg2007v,
  title={V-measure: A conditional entropy-based external cluster evaluation measure},
  author={Rosenberg, Andrew and Hirschberg, Julia},
  booktitle={Proceedings of the 2007 joint conference on empirical methods in natural language processing and computational natural language learning (EMNLP-CoNLL)},
  pages={410--420},
  year={2007},
  annote={Different from other supervised learning tasks, the evaluation metric of segmentation is not immediately obvious. V-measure is a recognized metric for segmentation evaluation.}
}

@article{ellis2006identifying,
  title={Identifying'cover songs' with beat-synchronous chroma features},
  author={Ellis, Daniel PW},
  year={2006},
  annote={One of the earily papers that defines the task of cover song identification. This is now a popular MIR task that's related to music structure.}
}

@inproceedings{smith2011design,
  title={Design and creation of a large-scale database of structural annotations.},
  author={Smith, Jordan Bennett Louis and Burgoyne, John Ashley and Fujinaga, Ichiro and De Roure, David and Downie, J Stephen},
  booktitle={ISMIR},
  volume={11},
  pages={555--560},
  year={2011},
  organization={Miami, FL},
  annote={The SALAMI dataset is one of the most commonly used dataset for evaluating structure analysis; the dataset is described in this paper.}
}

@inproceedings{salamon2012melody,
  title={Melody, bass line, and harmony representations for music version identification},
  author={Salamon, Justin and Serr{\`a}, Joan and G{\'o}mez, Emilia},
  booktitle={Proceedings of the 21st International Conference on World Wide Web},
  pages={887--894},
  year={2012},
  annote={This is also a work on cover song detection, by looking at several features of the music concurrently.}
}

@inproceedings{nieto2019harmonix,
  title={The Harmonix Set: Beats, Downbeats, and Functional Segment Annotations of Western Popular Music.},
  author={Nieto, Oriol and McCallum, Matthew and Davies, Matthew EP and Robertson, Andrew and Stark, Adam M and Egozy, Eran},
  booktitle={ISMIR},
  pages={565--572},
  year={2019},
  annote={This is another newer dataset that comes with segment annotations.}
}

@inproceedings{mcfee2019improving,
  title={Improving structure evaluation through automatic hierarchy expansion},
  author={McFee, Brian and Kinnaird, Katherine M},
  booktitle={Proceedings of the 20th ISMIR Conference, Delft, Netherlands},
  year={2019},
  annote={This work address the issue that structures are often hierarchical, and comparison between structures that are on different levels of hierarchy is hard. This work provides a way for structures annotated on different granularity to become more easily comparable.}
}