@inproceedings{tralie2016high,
  title={High-dimensional geometry of sliding window embeddings of periodic videos},
  author={Tralie, Christopher},
  booktitle={32nd international symposium on computational geometry (socg 2016)},
  year={2016},
  organization={Schloss Dagstuhl-Leibniz-Zentrum fuer Informatik},
  annote={By studying sliding window embeddings (short continous segments) of periodic videos with topological tools, repeatable segments can be understood as loops on hypertorus.}
}


@article{xu2019twisty,
  title={Twisty takens: A geometric characterization of good observations on dense trajectories},
  author={Xu, Boyan and Tralie, Christopher J and Antia, Alice and Lin, Michael and Perea, Jose A},
  journal={Journal of Applied and Computational Topology},
  volume={3},
  number={4},
  pages={285--313},
  year={2019},
  publisher={Springer},
  annote={Following up on (Tralie, 2016), this is a more general study of trajectory formed in different topologies by sliding window embeddings of time series.}
}



@inproceedings{lostanlen2020learning,
  title={Learning the helix topology of musical pitch},
  author={Lostanlen, Vincent and Sridhar, Sripathi and McFee, Brian and Farnsworth, Andrew and Bello, Juan Pablo},
  booktitle={ICASSP 2020-2020 IEEE International Conference on Acoustics, Speech and Signal Processing (ICASSP)},
  pages={11--15},
  year={2020},
  organization={IEEE},
  annote={This work demonstrate that natural sonic snippets have intrinsic organization in their own space, and can be discovered via unsupervised training. The technique of isomap employed in this work can be useful when trying to discover the topological structures of many member segments.}
}


@incollection{bendich2018scaffoldings,
  title={Scaffoldings and spines: organizing high-dimensional data using cover trees, local principal component analysis, and persistent homology},
  author={Bendich, Paul and Gasparovic, Ellen and Harer, John and Tralie, Christopher J},
  booktitle={Research in computational topology},
  pages={93--114},
  year={2018},
  publisher={Springer},
  annote={A topological technique of organizing point cloud data, with applications on Music data. My reference for further investigation with TDA.}
}

@phdthesis{tralie2017geometric,
  title={Geometric Multimedia Time Series},
  author={Tralie, Christopher J},
  year={2017},
  school={Duke University},
  annote={My primary reference on TDA. This work examines the geometrical shape of multimedia time series (audio and video), and use TDA tools and idea to work on audio and video problems. Concepts such as persistent homology and persistence graphs are used heavily in this work.}
}

