%% This BibTeX bibliography file was created using BibDesk.
%% https://bibdesk.sourceforge.io/

%% Created for Qingyang Tom Xi at 2021-11-14 23:29:06 -0500 


%% Saved with string encoding Unicode (UTF-8) 



@inproceedings{wang2017,
	address = {Suzhou, China},
	author = {Wang, Cheng-i  and Gautham J. Mysore and Shlomo Dubnov},
	booktitle = {{Proceedings of the 18th International Society for Music Information Retrieval Conference}},
	doi = {10.5281/zenodo.1415944},
	month = oct,
	pages = {738-744},
	publisher = {ISMIR},
	title = {{Re-Visiting the Music Segmentation Problem with Crowdsourcing.}},
	url = {https://doi.org/10.5281/zenodo.1415944},
	venue = {Suzhou, China},
	year = 2017,
	bdsk-url-1 = {https://doi.org/10.5281/zenodo.1415944}}

@inproceedings{harte2006,
	address = {New York, NY, USA},
	author = {Harte, Christopher and Sandler, Mark and Gasser, Martin},
	booktitle = {Proceedings of the 1st ACM Workshop on Audio and Music Computing Multimedia},
	doi = {10.1145/1178723.1178727},
	isbn = {1595935010},
	keywords = {pitch space, audio, segmentation, harmonic, music},
	location = {Santa Barbara, California, USA},
	numpages = {6},
	pages = {21--26},
	publisher = {Association for Computing Machinery},
	series = {AMCMM '06},
	title = {Detecting Harmonic Change in Musical Audio},
	url = {https://doi.org/10.1145/1178723.1178727},
	year = {2006},
	bdsk-url-1 = {https://doi.org/10.1145/1178723.1178727}}

@phdthesis{tralie2017geometric,
	author = {Tralie, Christopher J},
	school = {Duke University},
	title = {Geometric Multimedia Time Series},
	year = {2017}}

@article{callender2008generalized,
	author = {Callender, Clifton and Quinn, Ian and Tymoczko, Dmitri},
	journal = {Science},
	number = {5874},
	pages = {346--348},
	publisher = {American Association for the Advancement of Science},
	title = {Generalized voice-leading spaces},
	volume = {320},
	year = {2008}}

@inproceedings{nieto2014perceptual,
	author = {Nieto, Oriol and Farbood, Morwaread M and Jehan, Tristan and Bello, Juan Pablo},
	booktitle = {Proceedings of the 15th International Society for Music Information Retrieval Conference (ISMIR 2014)},
	pages = {265--270},
	title = {Perceptual analysis of the f-measure for evaluating section boundaries in music},
	year = {2014}}

@article{mcfee2017evaluating,
	author = {McFee, Brian and Nieto, Oriol and Farbood, Morwaread M and Bello, Juan Pablo},
	journal = {Frontiers in psychology},
	pages = {1337},
	publisher = {Frontiers},
	title = {Evaluating hierarchical structure in music annotations},
	volume = {8},
	year = {2017}}

@article{bello2011measuring,
	author = {Bello, Juan P},
	journal = {IEEE Transactions on Audio, Speech, and Language Processing},
	number = {7},
	pages = {2013--2025},
	publisher = {IEEE},
	title = {Measuring structural similarity in music},
	volume = {19},
	year = {2011}}

@inproceedings{foote2000automatic,
	author = {Foote, Jonathan},
	booktitle = {2000 ieee international conference on multimedia and expo. icme2000. proceedings. latest advances in the fast changing world of multimedia (cat. no. 00th8532)},
	organization = {IEEE},
	pages = {452--455},
	title = {Automatic audio segmentation using a measure of audio novelty},
	volume = {1},
	year = {2000}}

@article{serra2014,
	author = {Serr{\`a}, Joan and M{\"u}ller, Meinard and Grosche, Peter and Arcos, Josep Ll.},
	doi = {10.1109/TMM.2014.2310701},
	journal = {IEEE Transactions on Multimedia},
	number = {5},
	pages = {1229-1240},
	title = {Unsupervised Music Structure Annotation by Time Series Structure Features and Segment Similarity},
	volume = {16},
	year = {2014},
	bdsk-url-1 = {https://doi.org/10.1109/TMM.2014.2310701}}

@inproceedings{nieto2014,
	author = {Nieto, Oriol and Bello, Juan Pablo},
	booktitle = {2014 IEEE International Conference on Acoustics, Speech and Signal Processing (ICASSP)},
	doi = {10.1109/ICASSP.2014.6853679},
	pages = {664-668},
	title = {Music segment similarity using 2D-Fourier Magnitude Coefficients},
	year = {2014},
	bdsk-url-1 = {https://doi.org/10.1109/ICASSP.2014.6853679}}

@inproceedings{mccallum2019unsupervised,
	author = {McCallum, Matthew C},
	booktitle = {ICASSP 2019-2019 IEEE International Conference on Acoustics, Speech and Signal Processing (ICASSP)},
	organization = {IEEE},
	pages = {346--350},
	title = {Unsupervised learning of deep features for music segmentation},
	year = {2019}}

@inproceedings{salamon2021,
	address = {Online},
	author = {Justin Salamon and Oriol Nieto and Nicholas J. Bryan},
	booktitle = {Proc. of the 22nd Int. Society for Music Information Retrieval Conf.},
	title = {Deep Embeddings and Section Fusion Improve Music Segmentation},
	year = {2021}}

@inproceedings{mcfee2014_spectral,
	author = {McFee,, B. and Ellis,, {D. P. W.}},
	booktitle = {15th International Society for Music Information Retrieval Conference},
	series = {ISMIR},
	title = {Analyzing song structure with spectral clustering},
	year = {2014}}

@inproceedings{goto2003lag,
	author = {Goto, M.},
	booktitle = {2003 IEEE International Conference on Acoustics, Speech, and Signal Processing, 2003. Proceedings. (ICASSP '03).},
	doi = {10.1109/ICASSP.2003.1200000},
	pages = {V-437},
	title = {A chorus-section detecting method for musical audio signals},
	volume = {5},
	year = {2003},
	bdsk-url-1 = {https://doi.org/10.1109/ICASSP.2003.1200000}}

@article{serra2009cross,
	author = {Serra, Joan and Serra, Xavier and Andrzejak, Ralph G},
	journal = {New Journal of Physics},
	number = {9},
	pages = {093017},
	publisher = {IOP Publishing},
	title = {Cross recurrence quantification for cover song identification},
	volume = {11},
	year = {2009}}

@inproceedings{foote1999visualizing,
	author = {Foote, Jonathan},
	booktitle = {Proceedings of the seventh ACM international conference on Multimedia (Part 1)},
	pages = {77--80},
	title = {Visualizing music and audio using self-similarity},
	year = {1999}}

@inproceedings{sargent2011regularity,
	author = {Sargent, Gabriel and Bimbot, Fr{\'e}d{\'e}ric and Vincent, Emmanuel},
	booktitle = {International Society for Music Information Retrieval Conference (ISMIR)},
	title = {A regularity-constrained Viterbi algorithm and its application to the structural segmentation of songs},
	year = {2011}}

@article{kinnaird2021automatic,
	author = {Katherine M. Kinnaird and Brian McFee},
	doi = {10.5334/tismir.71},
	journal = {Transactions of the International Society for Music Information Retrieval},
	number = {1},
	pages = {81--92},
	title = {Automatic Hierarchy Expansion for Improved Structure and Chord Evaluation},
	url = {http://doi.org/10.5334/tismir.71},
	volume = {4},
	year = {2021},
	bdsk-url-1 = {http://doi.org/10.5334/tismir.71}}

@article{hamanaka2006implementing,
	author = {Hamanaka, Masatoshi and Hirata, Keiji and Tojo, Satoshi},
	journal = {Journal of New Music Research},
	number = {4},
	pages = {249--277},
	publisher = {Taylor \& Francis},
	title = {Implementing "A generative theory of tonal music"},
	volume = {35},
	year = {2006}}

@article{cohn1998introduction,
	author = {Cohn, Richard},
	journal = {Journal of Music Theory},
	pages = {167--180},
	publisher = {JSTOR},
	title = {Introduction to neo-riemannian theory: a survey and a historical perspective},
	year = {1998}}

@book{forte1973structure,
	author = {Forte, Allen},
	publisher = {Yale University Press},
	title = {The structure of atonal music},
	volume = {304},
	year = {1973}}

@book{lerdahl1983generative,
	annote = {This classic in Music Theory combines insights from Natural Language Processing. While working exclusively in the symbolic domain, the authors formalize principles for music reduction and segmentation. While influenced by the Schenkerian school, GTTM does not follow strict Schenkerian rules.},
	author = {Lerdahl, Fred and Jackendoff, Ray S},
	publisher = {MIT press},
	title = {A Generative Theory of Tonal Music},
	year = {1983}}

@book{schenker2001free,
	author = {Schenker, Heinrich},
	editor = {Oster, Ernst},
	isbn = {9781576470749},
	publisher = {Pendragon Press},
	title = {Free Composition: New Musical Theories and Fantasies},
	url = {https://books.google.com/books?id=NpchygEACAAJ},
	year = {2001},
	bdsk-url-1 = {https://books.google.com/books?id=NpchygEACAAJ}}

@inproceedings{paulus2010audio,
	address = {Utrecht, Netherlands},
	author = {Paulus, Jouni and M{\"u}ller, Meinard and Klapuri, Anssi},
	booktitle = {Proc. of the 11th Int. Society for Music Information Retrieval Conference},
	title = {Audio-based music structure analysis},
	year = {2010}}

@article{nieto2020structure,
	author = {Oriol Nieto and Gautham J. Mysore and Cheng{-}i Wang and Jordan B. L. Smith and Jan Schl{\"{u}}ter and Thomas Grill and Brian McFee},
	doi = {10.5334/tismir.54},
	journal = {Trans. Int. Soc. Music. Inf. Retr.},
	number = {1},
	pages = {246--263},
	timestamp = {Mon, 04 Jan 2021 17:01:44 +0100},
	title = {Audio-Based Music Structure Analysis: Current Trends, Open Challenges, and Applications},
	url = {https://doi.org/10.5334/tismir.54},
	volume = {3},
	year = {2020}
	}

@inproceedings{janssen2013discovering,
	address = {Marseille, France},
	author = {Janssen, Berit and De Haas, W Bas and Volk, Anja and Van Kranenburg, Peter},
	booktitle = {Proc. of the 10th International Symposium on Computer Music Multidisciplinary Research},
	pages = {74},
	title = {Discovering repeated patterns in music: state of knowledge, challenges, perspectives},
	volume = {20},
	year = {2013}}

@phdthesis{smith2014b,
	author = {Smith, Jordan B. L.},
	school = {Queen Mary University of London},
	title = {Explaining listener differences in the perception of musical structure},
	year = {2014}}

@article{vonluxburg2007,
	annote = {Consice introduction to spectral clustering. Close to 10k citations.},
	author = {Von Luxburg, Ulrike},
	journal = {Statistics and computing},
	number = {4},
	pages = {395--416},
	publisher = {Springer},
	title = {A tutorial on spectral clustering},
	volume = {17},
	year = {2007}}

@phdthesis{nieto2015,
	author = {Oriol Nieto},
	school = {New York University},
	title = {Discovering Structure in Music: Automatic Approaches and Perceptual Evaluations},
	year = {2015}}

@book{lewin2011generalized,
	title={Generalized musical intervals and transformations},
	author={Lewin, David},
	year={2011},
	publisher={Oxford University Press, USA}}
  
@article{de2011corpus,
	title={A corpus analysis of rock harmony},
	author={De Clercq, Trevor and Temperley, David},
	journal={Popular Music},
	volume={30},
	number={1},
	pages={47--70},
	year={2011},
	publisher={Cambridge University Press}}
  
@book{caplin2009form,
	author = {Caplin, William E and Hepokoski, James and Webster, James},
	publisher = {University press Leuven; Leuven},
	title = {Musical form, forms \& Formenlehre: three methodological reflections},
	year = {2009}}

@inbook{webster2009multivalent, 
	place = {Leuven}, 
	title = {The Concept of Multivalent Analysis}, 
	booktitle = {Musical form, Forms \& Formenlehre: Three methodological reflections}, 
	publisher = {Leuven University Press}, 
	author = {Webster, James}, 
	editor = {Caplin, William Earl and Bergé Pieter and Hepokoski, James A.Editors}, 
	year = {2009}, 
	pages = {121–163}} 
	
@book{yust2018organized,
	Author = {Yust, Jason},
	ISBN = {978-0-19-069648-1},
	Publisher = {Oxford University Press},
	Series = {Oxford studies in music theory},
	Title = {Organized time: Rhythm, tonality, and form.},
	Year = {2018}}
	
@article{brody2016parametric,
	author = {Christopher Brody},
	journal = {Journal of Music Theory},
	number = {2},
	pages = {97--148},
	publisher = {[Duke University Press, Yale University Department of Music]},
	title = {Parametric Interaction in Tonal Repertoires},
	volume = {60},
	year = {2016}
}

@inproceedings{smith2013quadratic,
	address = {New York, NY, USA},
	author = {Smith, Jordan B.L. and Chew, Elaine},
	booktitle = {Proceedings of the 21st ACM International Conference on Multimedia},
	pages = {113--122},
	publisher = {Association for Computing Machinery},
	series = {MM '13},
	title = {Using Quadratic Programming to Estimate Feature Relevance in Structural Analyses of Music},
	year = {2013}}

